@Article{ebbesen02,
  author = 	 {H. J. Lezec and A. Degiron and E. Devaux and R. A. Linke and L. Martin-Moreno and F. J. Garcia-Vidal and T. W. Ebbesen},
  title = 	 {Beaming Light from a Subwavelength Aperture},
  journal = 	 {Science},
  year = 	 {2002},
  OPTkey = 	 {},
  volume = 	 {297},
  OPTnumber = 	 {},
  pages = 	 {820-822},
  OPTmonth = 	 {},
  OPTnote = 	 {},
  OPTannote = 	 {}
}

@Article{johnson72,
  author = 	 {P. B. Johnson and R. W. Christy},
  title = 	 {Optical constants of noble metals},
  journal = 	 {Physical Review B},
  year = 	 {1972},
  OPTkey = 	 {},
  volume = 	 {6},
  number = 	 {12},
  pages = 	 {4370-4379},
  month = 	 dec,
  OPTnote = 	 {},
  OPTannote = 	 {}
}

