@Article{hoteit1999,
  author =       {H. Hoteit and R. Sauleau and B. Philippe and Ph. Coquet and J. P. Daniel},
  title =        {vector and parallel implementations for the {FDTD} analysis of millimeter wave planar antennas},
  journal =      {International journal of high speed computing},
  year =         {1999},
  OPTkey =       {},
  volume =    {10},
  number =    {2},
  pages =     {209},
  month =     jun,
  OPTnote =      {},
  OPTannote =    {}
}

@InProceedings{walendziuk2002,
  author =       {W. Walendziuk and J. Forenc},
  title =        {Verification of Computations of a Parallel {FDTD} alogrithm},
  OPTcrossref =  {},
  OPTkey =       {},
  booktitle = {International Conference on Parallel Computing in Electrical Engineering (PARELEC'02)},
  pages =     {288},
  year =      {2002},
  OPTeditor =    {},
  OPTvolume =    {},
  OPTnumber =    {},
  OPTseries =    {},
  OPTaddress =   {},
  month =     sep,
  organization = {IEEE},
  OPTpublisher = {},
  OPTnote =      {},
  OPTannote =    {}
}



@InProceedings{walendziuk2002-2,
  author =       {W. Walendziuk},
  title =        {SAR and Thermal computations with the use of parallel {FDTD} algorithm},
  OPTcrossref =  {},
  OPTkey =       {},
  OPTbooktitle = {},
  OPTpages =     {},
  OPTyear =      {},
  OPTeditor =    {},
  OPTvolume =    {},
  OPTnumber =    {},
  OPTseries =    {},
  OPTaddress =   {},
  OPTmonth =     {},
  OPTorganization = {},
  OPTpublisher = {},
  OPTnote =      {},
  OPTannote =    {}
}

@comment *********************************************************
@comment The following references courtesy of FDTD.org
@comment *********************************************************

@COMMENT{wang2004a, ENTERED: 2004-03-05, NOTE: }
@Article{wang2004a,
  author =       "J. Wang and O. Fujiwara and S. Watanabe and
                  Y. Yamanaka",
  title =        "Computation with a Parallel {FDTD} System of
                  Human-Body Effect on Electromagnetic Absorption for
                  Portable Telephones",
  journal =      "IEEE Transactions on Microwave Theory and
                  Techniques",
  volume =       1,
  number =       52,
  pages =        "53--58",
  month =        "January",
  year =         2004,
}

 
@COMMENT{catarinucci2003a, ENTERED: 2003-04-18, NOTE: } 
@Article{catarinucci2003a,
  author =       "L. Catarinucci and P. Palazzari and L. Tarricone",
  title =        "Human Exposure to the Near Field of Radiobase
                  Antennas---{A} Full-Wave Solution Using Parallel
                  {FDTD}",
  journal =      "IEEE Transactions on Microwave Theory and
                  Techniques",
  volume =       "51",
  number =       "3",
  pages =        "935--940",
  month =        "March",
  year =         "2003",
}


@COMMENT{catarinucci2002c, ENTERED: 2002-08-01, NOTE: }
@InProceedings{catarinucci2002c,
  author =       "L. Catarinucci and P. Palazzari and L. Tarricone",
  title =        "A Parallel {FDTD} Tool for the Solution of Large
                  Dosimetric Problems: {An} Application to the
                  Interaction between Humans and Radiobase Antennas",
  booktitle =    "IEEE MTT-S Int. Microwave Symp.",
  address =      "Seattle, WA",
  volume =       "3",
  pages =        "1755--1758",
  month =        "June",
  year =         "2002",
}

@COMMENT{chu2002a, ENTERED: 2002-08-30, NOTE: }
@Article{chu2002a,
  author =       "Q.-X. Chu and K.-F. Chan and C.-H. Chan",
  title =        "Parallel {FDTD} Analysis of Active Integrated
                  Antenna Array",
  journal =      "Microwave and Optical Technology Letters",
  volume =       "34",
  number =       "4",
  pages =        "317--319",
  month =        "August",
  year =         "2002",
}

@COMMENT{chu2002c, ENTERED: 2002-08-01, NOTE: }
@InProceedings{chu2002c,
  author =       "Q.-X. Chu and K.-F. Chan and C.-H. Chan",
  title =        "Parallel {FDTD} Analysis of Active Integrated
                  Antenna Array",
  booktitle =    "IEEE Antennas and Propagat. Soc. Int. Symposium",
  address =      "San Antonio, TX",
  volume =       "1",
  pages =        "628--631",
  month =        "June",
  year =         "2002",
}

@COMMENT{montoya2002c, ENTERED: 2002-08-01, NOTE: }
@InProceedings{montoya2002c,
  author =       "T. P. Montoya",
  title =        "Modeling 1-{D} {FDTD} Transmission Line Voltage
                  Sources and Terminations with Parallel and Series
                  {RLC} Loads",
  booktitle =    "IEEE Antennas and Propagat. Soc. Int. Symposium",
  address =      "San Antonio, TX",
  volume =       "4",
  pages =        "242--245",
  month =        "June",
  year =         "2002",
}

@COMMENT{watanabe2002c, ENTERED: 2001-12-20, NOTE: }
@InProceedings{watanabe2002c,
  author =       "T. Watanabe and H. Asai and T. Sasaki and K. Araki",
  title =        "Parallel-Distributed {FDTD}-Based Full-Wave
                  Simulator for Large-Scale Printed Wiring Boards",
  booktitle =    "Electrical Performance of Electronic Packaging",
  address =      "Monterey, CA",
  pages =        "287--290",
  month =        "October",
  year =         "2002",
}

@COMMENT{abhari2001a, ENTERED: 2001-10-21, NOTE: }
@Article{abhari2001a,
  author =       "R. Abhari and G. V. Eleftheriades and E. {van
                  Deventer-Perkins}",
  title =        "Physics-Based {CAD} Models for the Analysis of Vias
                  in Parallel-Plate Environments",
  journal =      "IEEE Transactions on Microwave Theory and
                  Techniques",
  volume =       "49",
  number =       "10",
  pages =        "1697--1707",
  month =        "October",
  year =         "2001",
}

@COMMENT{guiffaut2001a, ENTERED: 2001-05-25, NOTE: }
@Article{guiffaut2001a,
  author =       "C. Guiffaut and K. Mahdjoubi",
  title =        "A Parallel {FDTD} Algorithm Using the {\em MPI}
                  Library",
  journal =      "IEEE Antennas and Propagation Magazine",
  volume =       "43",
  number =       "2",
  pages =        "94--103",
  month =        "April",
  year =         "2001",
}

@COMMENT{pongpaibool2001a, ENTERED: 2001-12-06, NOTE: }
@InProceedings{pongpaibool2001a,
  author =       "P. Pongpaibool and A. Kamo and T. Watanabe and
                  H. Asai",
  title =        "An Alternating Implicit Block Overlapped {FDTD}
                  ({AIBO}-{FDTD}) Method and Its Estimation with
                  Parallel Computation",
  booktitle =    "Electrical Performance of Electronic Packaging",
  pages =        "185--188",
  month =        "October",
  year =         "2001",
}

@COMMENT{qiu2001a2, ENTERED: 2001-05-09, NOTE: }
@Article{qiu2001a2,
  author =       "M. Qiu and S. He",
  title =        "Interference of Signals in Parallel Waveguides in a
                  Two-Dimensional Photonic Crystal",
  journal =      "Physica B: Condensed Matter",
  volume =       "299",
  number =       "1--2",
  pages =        "187--193",
  month =        "May",
  year =         "2001",
}

@COMMENT{rogier2000c, ENTERED: 2001-01-02, NOTE: }
@InProceedings{rogier2000c,
  author =       "H. Rogier and D. {De Zutter} and F. Olyslager",
  title =        "Parallel Implementation of the Hybrid {FDTD}-{BIE}
                  Technique",
  booktitle =    "IEEE Antennas and Propagat. Soc. Int. Symposium",
  address =      "Salt Lake City, UT",
  volume =       "1",
  pages =        "224--227",
  month =        "July",
  year =         "2000",
}

@COMMENT{su1999a, ENTERED: 1999-06-01, NOTE: }
@Article{su1999a,
  author =       "D. Su and J.-S. Park and Y. Qian and B. Houshmand
                  and T. Itoh",
  title =        "Waveguide Bandpass Filter Analysis and Design Using
                  Multimode Parallel {FDTD} Diakoptics",
  journal =      "IEEE Transactions on Microwave Theory and
                  Techniques",
  volume =       "47",
  number =       "6",
  pages =        "867--876",
  month =        "June",
  year =         "1999",
}

@COMMENT{uyguroglu1999a, ENTERED: 1999-10-01, NOTE: }
@Article{uyguroglu1999a,
  author =       "R. Uygurou\u{g}lu and A. Y. Niazi",
  title =        "Designing Microstrip Transitions into Parallel-Plate
                  Regions Using the {FDTD} Method",
  journal =      "Microwave and Optical Technology Letters",
  volume =       "22",
  number =       "1",
  pages =        "81--84",
  year =         "1999",
}

@COMMENT{andersson1998c, ENTERED: 1998-11-01, NOTE: }
@InProceedings{andersson1998c,
  author =       "U. Andersson",
  title =        "Parallelization of a {3D} {FD}-{TD} Code for the
                  {Maxwell} Equations Using {MPI}",
  booktitle =    "Applied Parallel Computing, PARA'98",
  editor =       "B. K{\aa}gstr{\"{o}}m",
  pages =        "12--19",
  series =       "Lecture Notes in Computer Science, No. 1541",
  month =        "June",
  year =         "1998",
}

@COMMENT{andersson1998c1, ENTERED: 1998-11-01, NOTE: }
@InProceedings{andersson1998c1,
  author =       "U. Andersson",
  title =        "Parallelization of a {3D} {FD}-{TD} Code for the
                  {Maxwell} Equations Using {MPI}",
  booktitle =    "EMB '98 -- Electromagnetic Computations for Analysis
                  and Design of Complex Systems",
  editor =       "G. Kristensson",
  organization = "SNRV",
  pages =        "94--101",
  month =        "November",
  year =         "1998",
}

@COMMENT{excell1998a, ENTERED: 1998-07-01, NOTE: }
@Article{excell1998a,
  author =       "P. S. Excell and A. D. Tinniswood and
                  K. {Haigh-Hutchinson}",
  title =        "Parallel Computation of Large-Scale Electromagnetic
                  Field Distributions",
  journal =      "Applied Computational Electromagnetics Society
                  Journal",
  volume =       "13",
  number =       "2",
  pages =        "179--187",
  year =         "1998",
}

@COMMENT{kitayama1998a, ENTERED: 1999-07-01, NOTE: }
@Article{kitayama1998a,
  author =       "K. Kitayama and Y. Takayanagi and Y. Yamaguchi and
                  H. Yamada",
  title =        "Polarimetric Calibration Using a Corrugated Parallel
                  Plate Target",
  journal =      "Transactions of the Institute of Electronics,
                  Information and Communication Engineers B-II",
  note =         "In Japanese",
  volume =       "J81B-II",
  number =       "10",
  pages =        "914--921",
  month =        "October",
  year =         "1998",
}

@COMMENT{lumpp1998a, ENTERED: 1998-07-01, NOTE: }
@Article{lumpp1998a,
  author =       "J. E. {Lumpp, Jr.} and S. K. Mazumdar and
                  S. D. Gedney",
  title =        "Performance Modeling of the Finite-Difference
                  Time-Domain Method on Parallel Systems",
  journal =      "Applied Computational Electromagnetics Society
                  Journal",
  volume =       "13",
  number =       "2",
  pages =        "147--159",
  year =         "1998",
}

@COMMENT{mullan1998a, ENTERED: 1998-07-01, NOTE: }
@Article{mullan1998a,
  author =       "J. V. Mullan and C. J. Gillan and V. F. Fusco",
  title =        "Optimizing the Parallel Implementation of a Finite
                  Difference Time Domain Code on a Multi-User Network
                  of Workstations",
  journal =      "Applied Computational Electromagnetics Society
                  Journal",
  volume =       "13",
  number =       "2",
  pages =        "168--178",
  year =         "1998",
}

@COMMENT{nakayama1998c, ENTERED: 1998-07-01, NOTE: }
@InProceedings{nakayama1998c,
  author =       "K. Nakayama and H. Nakano",
  title =        "Effects of Parallel Plate Mode Power on the
                  Radiation Characteristics of Aperture Array
                  Antennas",
  booktitle =    "IEEE Antennas and Propagat. Soc. Int. Symposium",
  address =      "Atlanta, GA",
  volume =       "2",
  pages =        "1158--1161",
  month =        "June",
  year =         "1998",
}

@COMMENT{palazzari1998c, ENTERED: 1998-09-01, NOTE: }
@InProceedings{palazzari1998c,
  author =       "P. Palazzari and P. {D'Atanasio} and F. Ragusini",
  title =        "Simulation of Patch Array Antennas through the
                  Implementation of Finite-Difference Time-Domain
                  ({FD}-{TD}) Algorithm on Distributed Memory
                  Massively Parallel Systems",
  booktitle =    "High-Performance Computing and
                  Networking. Int. Conf. and Exhibition",
  address =      "Amsterdam, Netherlands",
  pages =        "105--114",
  month =        "April",
  year =         "1998",
}

@COMMENT{su1998c, ENTERED: 1998-08-01, NOTE: }
@InProceedings{su1998c,
  author =       "D. Su and J.-S. Park and B. Houshmand and Y. Qian
                  and T. Itoh",
  title =        "A Novel 2-{D} Multi-Mode Parallel Time Domain
                  Diakoptics and Its Application in Filter Analysis
                  and Design",
  booktitle =    "IEEE MTT-S Int. Microwave Symp.",
  address =      "Baltimore, MD",
  volume =       "2",
  pages =        "477--480",
  month =        "June",
  year =         "1998",
}

@COMMENT{tinniswood1998a, ENTERED: 1998-06-01, NOTE: }
@Article{tinniswood1998a,
  author =       "A. D. Tinniswood and C. M. Furse and O. P. Gandhi",
  title =        "Computations of {SAR} Distributions for Two
                  Anatomically Based Models of the Human Head Using
                  {CAD} Files of Commercial Telephones and the
                  Parallelized {FDTD} Code",
  journal =      "IEEE Transactions on Antennas and Propagation",
  volume =       "46",
  number =       "6",
  pages =        "829--833",
  month =        "June",
  year =         "1998",
}

@COMMENT{alsunaidi1997a, ENTERED: 1997-10-01, NOTE: }
@Article{alsunaidi1997a,
  author =       "M. A. Alsunaidi and S. M. Hammadi and
                  S. M. {El-Ghazaly}",
  title =        "A Parallel Implementation of a Two-Dimensional
                  Hydrodynamic Model for Microwave Semiconductor
                  Device Including Inertia Effects in Momentum
                  Relaxation",
  journal =      "International Journal of Numerical Modelling:
                  Electronic Networks, Devices and Fields",
  volume =       "10",
  number =       "2",
  pages =        "107--119",
  year =         "1997",
}

@COMMENT{buchanan1997a, ENTERED: 1997-10-01, NOTE: }
@Article{buchanan1997a,
  author =       "W. J. Buchanan and N. K. Gupta",
  title =        "A Novel Parallel Processing Synchronization Method
                  for Observing Electric Fields in and around {PCB}s",
  journal =      "International Journal of Electronics",
  volume =       "82",
  number =       "1",
  pages =        "61--76",
  year =         "1997",
}

@COMMENT{chew1997c, ENTERED: 1997-07-01, NOTE: }
@InProceedings{chew1997c,
  author =       "W. C. Chew and F. L. Teixeira and M. Straka and
                  M. L. Oristaglio and T. Wang",
  title =        "Parallel {3D} {PML-FDTD} Simulation of {GPR} on
                  Dispersive, Inhomogeneous and Conductive Media",
  booktitle =    "IEEE Antennas and Propagat. Soc. Int. Symp.",
  address =      "Montr\'{e}al, Canada",
  volume =       "1",
  pages =        "380--383",
  month =        "July",
  year =         "1997",
}

@COMMENT{ruddle1997c, ENTERED: 1998-02-01, NOTE: }
@InProceedings{ruddle1997c,
  author =       "A. R. Ruddle and D. D. Ward",
  title =        "Evaluation of Parallel Computing Techniques in the
                  Analysis of {EMC} Problems",
  booktitle =    "IEE Colloquium High Frequency Simulation",
  address =      "London, UK",
  pages =        "5/1--10",
  month =        "November",
  year =         "1997",
}

@COMMENT{sterkenburgh1997a, ENTERED: 1997-10-01, NOTE: }
@Article{sterkenburgh1997a,
  author =       "T. Sterkenburgh and R. M. Michels and P. Dress and
                  H. Franke",
  title =        "Explicit Finite-Difference Simulation of Optical
                  Integrated Devices on Massive Parallel Computers",
  journal =      "Applied Optics",
  volume =       "36",
  number =       "6",
  pages =        "1191--1197",
  year =         "1997",
}

Return to query page, preserve previous form entries
	Return to query page, blank form

@COMMENT{tinniswood1997c, ENTERED: 1997-07-01, NOTE: }
@InProceedings{tinniswood1997c,
  author =       "A. D. Tinniswood and C. M. Furse and O. P. Gandhi",
  title =        "Computations of {SAR} Distributions for Two
                  Anatomically-Based Models of the Human Head Using
                  {CAD} Files of Commercial Telephones and the
                  Parallelized {FDTD} Code",
  booktitle =    "IEEE Antennas and Propagat. Soc. Int. Symp.",
  address =      "Montr\'{e}al, Canada",
  volume =       "2",
  pages =        "982--985",
  month =        "July",
  year =         "1997",
}

@COMMENT{wang1997a3, ENTERED: 1997-10-01, NOTE: }
@Article{wang1997a3,
  author =       "J. Wang and P. Liewer and E. Huang",
  title =        "Three-Dimensional Electromagnetic Particle-in-Cell
                  with {Monte} {Carlo} Collision Simulations on Three
                  {MIMD} Parallel Computers",
  journal =      "Journal of Supercomputing",
  volume =       "10",
  number =       "4",
  pages =        "331--348",
  year =         "1997",
}

@COMMENT{ahuja1996c, ENTERED: 1996-03-01, NOTE: }
@InProceedings{ahuja1996c,
  author =       "V. Ahuja and L. {{N.}} Long",
  title =        "Scattering from Complex Geometries Using a Parallel
                  {FVTD} Algorithm",
  booktitle =    "12th Annual Review of Progress in Applied
                  Computational Electromagnetics",
  address =      "Monterey, CA",
  volume =       "2",
  pages =        "1072--1082",
  month =        "March",
  year =         "1996",
}

@COMMENT{chen1996c, ENTERED: 1996-03-01, NOTE: }
@InProceedings{chen1996c,
  author =       "J. S. Chen and A. A. Seidl",
  title =        "Implementation of Hybrid {FDTD/FVTD} Conformal
                  Algorithm on a Massively Parallel Computer",
  booktitle =    "12th Annual Review of Progress in Applied
                  Computational Electromagnetics",
  address =      "Monterey, CA",
  volume =       "1",
  pages =        "221--227",
  month =        "March",
  year =         "1996",
}

@COMMENT{fortenberry1996m, ENTERED: 1999-04-01, NOTE: }
@PhdThesis{fortenberry1996m,
  author =       "D. W. Fortenberry",
  title =        "Parallel Implementation of the Finite Difference
                  Time Domain Method for the Determination of the
                  Cutoff Frequencies of Two-Dimensional Waveguides",
  address =      "University, MS",
  school =       "University of Mississippi",
  year =         "1996",
}

@COMMENT{gedney1996c1, ENTERED: 1997-04-01, NOTE: }
@InProceedings{gedney1996c1,
  author =       "S. Gedney and F. Lansing and R. T. Kihm and N. Owona
                  and K. Virga",
  title =        "Simulating ``Large'' Microwave Circuits with the
                  Parallel Planar Generalized {Yee} Algorithm",
  booktitle =    "IEEE MTT-S Int. Microwave Symp.",
  address =      "San Francisco, CA",
  volume =       "2",
  pages =        "1011--1014",
  month =        "June",
  year =         "1996",
}

@COMMENT{hargreaves1996c, ENTERED: 1997-10-01, NOTE: }
@InProceedings{hargreaves1996c,
  author =       "M. L. Hargreaves and D. C. Spicer and C. C. R. Jones
                  and S. Whittle",
  title =        "Porting a Commercial Finite Difference Time Domain
                  Electromagnetic Code to a Parallel Architecture
                  Machine",
  booktitle =    "High-Performance Computing and
                  Networking. Int. Conf. and Exhibition HPCN Europe
                  1996",
  address =      "Brussels, Belgium",
  pages =        "43--50",
  month =        "April",
  year =         "1996",
}

@COMMENT{kinoshita1996a, ENTERED: 1997-10-01, NOTE: }
@Article{kinoshita1996a,
  author =       "T. Kinoshita and T. Shibazaki",
  title =        "Method for the {FDTD} Analysis of Parallel Plate
                  Waveguide with Periodic Structure",
  journal =      "Academic Reports, Faculty of Engineering, Tokyo
                  Inst. of Polytechnics",
  note =         "In Japanese",
  volume =       "19",
  number =       "1",
  pages =        "86--91",
  year =         "1996",
}

@COMMENT{reed1996a, ENTERED: 1997-10-01, NOTE: }
@Article{reed1996a,
  author =       "J. Reed and K. Parrott and T. Lenfear",
  title =        "Portability, Predictability and Performance for
                  Parallel Computing: {BSP} in Practice",
  journal =      "Concurrency: Practice and Experience",
  volume =       "8",
  number =       "10",
  pages =        "799--812",
  year =         "1996",
}

@COMMENT{tinniswood1996c, ENTERED: 1997-10-01, NOTE: }
@InProceedings{tinniswood1996c,
  author =       "A. D. Tinniswood and P. S. Excell and M. Hargreaves
                  and S. Whittle and D. Spicer",
  title =        "Parallel Computation of Large-Scale {FDTD} Problems",
  booktitle =    "Proc. 3rd Int. Conf. on Computation in
                  Electromagnetics (CEM 96)",
  address =      "Bath, UK",
  pages =        "7--12",
  month =        "April",
  year =         "1996",
}

@COMMENT{tinniswood1996c1, ENTERED: 1997-04-01, NOTE: }
@InProceedings{tinniswood1996c1,
  author =       "A. D. Tinniswood and P. S. Excell",
  title =        "On the Use of Parallel Finite-Difference Time-Domain
                  Methods in the Modelling of Bioelectromagnetic
                  Problems",
  booktitle =    "High-Performance Computing and
                  Networking. Int. Conf. and Exhibition HPCN Europe
                  1996",
  address =      "Brussels, Belgium",
  pages =        "60--65",
  month =        "April",
  year =         "1996",
}

@COMMENT{vanewijk1996c, ENTERED: 1996-07-01, NOTE: }
@InProceedings{vanewijk1996c,
  author =       "L. J. {Van Ewijk}",
  title =        "The Finite Difference Time Domain Method on a
                  Massively Parallel Computer",
  booktitle =    "High-Performance Computing and
                  Networking. Int. Conf. and Exhibition HPCN Europe
                  1996",
  address =      "Brussels, Belgium",
  pages =        "593--598",
  month =        "April",
  year =         "1996",
}

@COMMENT{ahuja1995c, ENTERED: 1997-10-01, NOTE: }
@InProceedings{ahuja1995c,
  author =       "V. Ahuja and L. N. Long",
  title =        "A {FVTD} Algorithm for {Maxwells} Equations on
                  Massively Parallel Machines",
  booktitle =    "11th Annual Review of Progress in Applied
                  Computational Electromagnetics",
  address =      "Monterey, CA",
  volume =       "1",
  pages =        "513--525",
  month =        "March",
  year =         "1995",
}

@COMMENT{bataineh1995a, ENTERED: 1995-08-01, NOTE: }
@Article{bataineh1995a,
  author =       "A. Bataineh and R. Lee and F. Ozguner",
  title =        "Electrical Characterization of High-Speed
                  Interconnects with a Parallel Three-Dimensional
                  Finite-Difference Time-Domain Algorithm",
  journal =      "Simulation",
  volume =       "64",
  number =       "5",
  pages =        "289--295",
  year =         "1995",
}

@COMMENT{buchanan1995a, ENTERED: 1996-07-01, NOTE: }
@Article{buchanan1995a,
  author =       "W. J. Buchanan and N. K. Gupta",
  title =        "Prediction of Electric Fields in and around
                  {PCBs}---{3D} Finite-Difference Time-Domain Approach
                  with Parallel Processing",
  journal =      "Advances in Engineering Software",
  volume =       "23",
  number =       "2",
  pages =        "111--114",
  year =         "1995",
}

Return to query page, preserve previous form entries
	Return to query page, blank form

@COMMENT{chen1995a6, ENTERED: 1997-04-01, NOTE: }
@Article{chen1995a6,
  author =       "X. Chen",
  title =        "Analysing the Wideband Characteristic of the
                  Parallel-Plate Capacitor by Using the
                  Finite-Difference Time-Domain Method",
  journal =      "Research and Progress of Solid State Electronics",
  note =         "In Chinese",
  volume =       "15",
  number =       "2",
  pages =        "190--193",
  year =         "1995",
}

@COMMENT{chew1995a, ENTERED: 1997-10-01, NOTE: }
@Article{chew1995a,
  author =       "K. C. Chew and V. F. Fusco",
  title =        "A Parallel Implementation of the Finite Difference
                  Time-Domain Algorithm",
  journal =      "International Journal of Numerical Modelling:
                  Electronic Networks, Devices and Fields",
  volume =       "8",
  number =       "3--4",
  pages =        "293--299",
  year =         "1995",
}

@COMMENT{david1995c, ENTERED: 1995-08-01, NOTE: }
@InProceedings{david1995c,
  author =       "R. S. David and L. T. Wille",
  title =        "Implementation of the Finite-Difference Time-Domain
                  Method on Parallel Computers",
  booktitle =    "11th Annual Review of Progress in Applied
                  Computational Electromagnetics",
  address =      "Monterey, CA",
  volume =       "2",
  pages =        "889--896",
  month =        "March",
  year =         "1995",
}

@COMMENT{david1995c1, ENTERED: 1997-10-01, NOTE: }
@InProceedings{david1995c1,
  author =       "R. S. David and T. Wille",
  title =        "Electromagnetic Field Computations on Massively
                  Parallel Computers",
  booktitle =    "Proc. Southcon '95",
  address =      "Fort Lauderdale, FL",
  pages =        "368--373",
  month =        "March",
  year =         "1995",
}

@COMMENT{davidson1995a, ENTERED: 1995-09-01, NOTE: }
@Article{davidson1995a,
  author =       "D. B. Davidson and R. W. Ziolkowski",
  title =        "A Connection Machine ({CM}-2) Implementation of a
                  Three-Dimensional Parallel Finite Difference
                  Time-Domain Code for Electromagnetic Field
                  Simulation",
  journal =      "International Journal of Numerical Modelling",
  volume =       "8",
  number =       "3/4",
  pages =        "221--232",
  month =        "May--August",
  year =         "1995",
}

@COMMENT{effing1995a, ENTERED: 1995-09-01, NOTE: }
@Article{effing1995a,
  author =       "U. Effing and W. Kuempel and I. Wolff",
  title =        "Parallel {FDTD} Simulator for {MIMD} Computers",
  journal =      "International Journal of Numerical Modelling",
  volume =       "8",
  number =       "3/4",
  pages =        "277--281",
  year =         "1995",
}

@COMMENT{fijany1995a, ENTERED: 1995-12-01, NOTE: }
@Article{fijany1995a,
  author =       "A. Fijany and M. A. Jensen and Y. {Rahmat-Samii} and
                  J. Barhen",
  title =        "A Massively Parallel Computation Strategy for
                  {FDTD}: {Time} and Space Parallelism Applied to
                  Electromagnetics Problems",
  journal =      "IEEE Transactions on Antennas and Propagation",
  volume =       "43",
  number =       "12",
  pages =        "1441--1449",
  month =        "December",
  year =         "1995",
}

@COMMENT{gedney1995a, ENTERED: 1995-09-01, NOTE: }
@Article{gedney1995a,
  author =       "S. D. Gedney and F. Lansing",
  title =        "A Parallel Planar Generalized {Yee} Algorithm for
                  the Analysis of Microwave Circuit Devices",
  journal =      "International Journal of Numerical Modelling",
  volume =       "8",
  pages =        "249--263",
  year =         "1995",
}

@COMMENT{gedney1995a1, ENTERED: 1995-09-01, NOTE: }
@Article{gedney1995a1,
  author =       "S. D. Gedney and U. Navsariwala",
  title =        "A Comparison of the Performance of the Finite
                  Difference Time-Domain, Finite Element Time-Domain,
                  and Planar Generalized {Yee} Algorithms on
                  High-Performance Parallel Computers",
  journal =      "International Journal of Numerical Modelling",
  volume =       "8",
  pages =        "265--275",
  year =         "1995",
}

@COMMENT{gedney1995a2, ENTERED: 1995-10-01, NOTE: }
@Article{gedney1995a2,
  author =       "S. D. Gedney",
  title =        "Finite-Difference Time-Domain Analysis of Microwave
                  Circuit Devices on High Performance Vector/Parallel
                  Computers",
  journal =      "IEEE Transactions on Microwave Theory and
                  Techniques",
  volume =       "43",
  number =       "10",
  pages =        "2510--2514",
  month =        "October",
  year =         "1995",
}

@COMMENT{jensen1995c, ENTERED: 1995-08-01, NOTE: }
@InProceedings{jensen1995c,
  author =       "M. A. Jensen and Y. {Rahmat-Samii} and A. Fijany",
  title =        "A Novel Scheme for Massively Parallel Solution of
                  {Maxwell's} Equations using {FDTD}",
  booktitle =    "11th Annual Review of Progress in Applied
                  Computational Electromagnetics",
  address =      "Monterey, CA",
  volume =       "1",
  pages =        "592--599",
  month =        "March",
  year =         "1995",
}

@COMMENT{liu1995a, ENTERED: 1995-12-01, NOTE: }
@Article{liu1995a,
  author =       "Z. M. Liu and A. S. Mohan and T. A. Aubrey and
                  W. R. Belcher",
  title =        "Techniques for Implementation of the {FDTD} Method
                  on a {CM-5} Parallel Computer",
  journal =      "IEEE Antennas and Propagation Magazine",
  volume =       "37",
  number =       "5",
  pages =        "64--71",
  year =         "1995",
}

@COMMENT{liu1995c, ENTERED: 1995-08-01, NOTE: }
@InProceedings{liu1995c,
  author =       "Z. M. Liu and A. S. Mohan and T. Aubrey and
                  W. R. Belcher",
  title =        "Parallelized {FDTD} for Antenna Radiation Pattern
                  Calculations",
  booktitle =    "11th Annual Review of Progress in Applied
                  Computational Electromagnetics",
  address =      "Monterey, CA",
  volume =       "2",
  pages =        "873--880",
  month =        "March",
  year =         "1995",
}

@COMMENT{perala1995a, ENTERED: 1995-09-01, NOTE: }
@Article{perala1995a,
  author =       "R. Perala and S. Whittle and M. Hargreaves and
                  P. Kerton",
  title =        "An Introduction to {PEPSE} (`Parallel
                  Electromagnetics Problem Solving Environment'):
                  {And} Considerations for Parallelization of a Finite
                  Difference Time-Domain Solver",
  journal =      "International Journal of Numerical Modelling",
  volume =       "8",
  pages =        "187--203",
  year =         "1995",
}

@COMMENT{perez1995c, ENTERED: 1995-12-01, NOTE: }
@InProceedings{perez1995c,
  author =       "R. Perez",
  title =        "Parallel Computing in the Teaching of
                  Electromagnetic Computational Methods for Analyzing
                  {EMC} Problems",
  booktitle =    "IEEE Int. EMC Symp.",
  address =      "Atlanta, GA",
  pages =        "41--46",
  month =        "August",
  year =         "1995",
}

Return to query page, preserve previous form entries
	Return to query page, blank form

@COMMENT{prenger1995m, ENTERED: 1999-04-01, NOTE: }
@MastersThesis{prenger1995m,
  author =       "R. M. Prenger",
  title =        "Automatic Parallel Grid Generator for FDTD",
  address =      "Columbus, OH",
  school =       "The Ohio State University",
  year =         "1995",
}

@COMMENT{sewell1995c, ENTERED: 1997-10-01, NOTE: }
@InProceedings{sewell1995c,
  author =       "P. D. Sewell and D. P. Rodohan and S. R. Saunders",
  title =        "Comparison of Analytical and Parallel {FDTD} Models
                  of Antenna-Head Interactions",
  booktitle =    "Ninth Int. Conf. on Antennas and Propagation",
  address =      "Eindhoven, Netherlands",
  volume =       "1",
  pages =        "67--71",
  month =        "April",
  year =         "1995",
}

@COMMENT{spillard1995a, ENTERED: 1995-08-01, NOTE: }
@Article{spillard1995a,
  author =       "C. Spillard and S. R. Pennock and P. R. Shepherd",
  title =        "Absorbing Boundary Conditions for the Modeling of
                  Scatterers in Parallel-Plate Transmission Media",
  journal =      "IEEE Microwave Guided Wave Letters",
  volume =       "5",
  number =       "8",
  pages =        "241--242",
  month =        "August",
  year =         "1995",
}

@COMMENT{trueman1995a, ENTERED: 1997-10-01, NOTE: }
@Article{trueman1995a,
  author =       "C. W. Trueman and S. R. Mishra and C. L. Larose and
                  R. K. Mongia",
  title =        "Resonant Frequencies and {Q} Factors of Dielectric
                  Parallelepipeds",
  journal =      "IEEE Transactions on Instrumentation and
                  Measurement",
  volume =       "44",
  number =       "2",
  pages =        "322--325",
  year =         "1995",
}

@COMMENT{wang1995a8, ENTERED: 1997-10-01, NOTE: }
@Article{wang1995a8,
  author =       "J. Wang and P. Liewer and V. Decyk",
  title =        "{3D} Electromagnetic Plasma Particle Simulations on
                  a {MIMD} Parallel Computer",
  journal =      "Computer Physics Communications",
  volume =       "87",
  number =       "1--2",
  pages =        "35--53",
  year =         "1995",
}

@COMMENT{david1994c, ENTERED: 1995-08-01, NOTE: }
@InProceedings{david1994c,
  author =       "R. S. David and L. T. Wille",
  title =        "Massively Parallel Finite-Difference Time-Domain
                  Methods for Electromagnetic Scattering Problems",
  booktitle =    "10th Annual Review of Progress in Applied
                  Computational Electromagnetics",
  address =      "Monterey, CA",
  volume =       "1",
  pages =        "495--502",
  month =        "March",
  year =         "1994",
}

@COMMENT{gedney1994c, ENTERED: 1995-08-01, NOTE: }
@InProceedings{gedney1994c,
  author =       "S. D. Gedney",
  title =        "A Comparison of the Performance of Finite Difference
                  Time-Domain, Finite Element Time-Domain, and
                  Discrete Surface Integral Equation Methods on High
                  Performance Parallel Computers",
  booktitle =    "IEEE Antennas and Propagat. Soc. Int. Symp.",
  address =      "Seattle, WA",
  volume =       "1",
  pages =        "384--387",
  month =        "June",
  year =         "1994",
}

@COMMENT{gedney1994c1, ENTERED: 1995-08-01, NOTE: }
@InProceedings{gedney1994c1,
  author =       "S. D. Gedney and F. Lansing",
  title =        "A Parallel Discrete Surface Integral Equation Method
                  for the Analysis of Three-Dimensional Microwave
                  Circuit Devices with Planar Symmetry",
  booktitle =    "IEEE Antennas and Propagat. Soc. Int. Symp.",
  address =      "Seattle, WA",
  volume =       "3",
  pages =        "1778--1781",
  month =        "June",
  year =         "1994",
}

@COMMENT{jensen1994c, ENTERED: 1995-08-01, NOTE: }
@InProceedings{jensen1994c,
  author =       "M. A. Jensen and A. Fijay and Y. {Rahmat-Samii}",
  title =        "Time-Parallel Computational Strategy for {FDTD}
                  Solution of {Maxwell's} Equations",
  booktitle =    "IEEE Antennas and Propagat. Soc. Int. Symp.",
  address =      "Seattle, WA",
  volume =       "1",
  pages =        "380--383",
  month =        "June",
  year =         "1994",
}

@COMMENT{rodohan1994c, ENTERED: 1995-08-01, NOTE: }
@InProceedings{rodohan1994c,
  author =       "D. P. Rodohan and S. R. Saunders",
  title =        "Parallel Implementations of the Finite Difference
                  Time Domain ({FDTD}) Method",
  booktitle =    "2nd Int. Conf. Computation in Electromagnetics",
  address =      "Nottingham, UK",
  pages =        "367--370",
  month =        "April",
  year =         "1994",
}

@COMMENT{rodohan1994c1, ENTERED: 1997-10-01, NOTE: }
@InProceedings{rodohan1994c1,
  author =       "D. Rodohan and S. Saunders and S. Cvetkovic and
                  P. Beavis and R. Glover",
  title =        "Parallel Simulation of Electromagnetic Fields for
                  Telecommunication Applications",
  booktitle =    "Proc. ICCS '94",
  address =      "Singapore",
  volume =       "2",
  pages =        "435--440",
  month =        "November",
  year =         "1994",
}

@COMMENT{trueman1994c1, ENTERED: 1995-08-01, NOTE: }
@InProceedings{trueman1994c1,
  author =       "C. W. Trueman and S. R. Mishra and C. L. Larose and
                  R. K. Mongia",
  title =        "Resonant Frequencies and {Q} Factors of Dielectric
                  Parallelepipeds by Measurement and by {FDTD}",
  booktitle =    "Conf. on Precision Electromagnetic Measurements",
  address =      "Boulder, CO",
  pages =        "61--62",
  year =         "1994",
}

@COMMENT{wang1994a2, ENTERED: 1995-08-01, NOTE: }
@Article{wang1994a2,
  author =       "B. Z. Wang",
  title =        "Time-Domain Modeling of the Impedance Boundary
                  Condition for an Oblique Incident
                  Parallel-Polarization Plane Wave",
  journal =      "Microwave and Optical Technology Letters",
  volume =       "7",
  number =       "1",
  pages =        "19--22",
  year =         "1994",
}

@COMMENT{buchanan1993a, ENTERED: 1997-10-01, NOTE: }
@Article{buchanan1993a,
  author =       "W. J. Buchanan and N. K. Gupta",
  title =        "Parallel Processing Techniques in {EMP} Propagation
                  Using {3D} Finite-Difference Time-Domain ({FDTD})
                  Method",
  journal =      "Advances in Engineering Software",
  volume =       "18",
  number =       "3",
  pages =        "149--159",
  year =         "1993",
}

@COMMENT{buchanan1993c1, ENTERED: 1997-10-01, NOTE: }
@InProceedings{buchanan1993c1,
  author =       "W. J. Buchanan and N. K. Gupta",
  title =        "Simulation of Electromagnetic Pulse Propagation in
                  Three-Dimensional Finite-Difference Time-Domain
                  ({FDTD}) Method Using Parallel Processing
                  Techniques",
  booktitle =    "Proc. Software Applications in Electrical
                  Engineering",
  address =      "Montr\'{e}al, Canada",
  pages =        "11--19",
  month =        "July",
  year =         "1993",
}

Return to query page, preserve previous form entries
	Return to query page, blank form

@COMMENT{buchanan1993c2, ENTERED: 1997-10-01, NOTE: }
@InProceedings{buchanan1993c2,
  author =       "W. J. Buchanan and N. K. Gupta",
  title =        "Simulation of Electromagnetic Pulse Propagation in
                  Three-Dimensional Finite-Difference Time-Domain
                  ({FDTD}) Method Using Parallel Processing
                  Techniques",
  booktitle =    "Proc. Conf. on Software for Electrical Engineering
                  Analysis and Design: ELECTROSOFT '93",
  address =      "Southampton, UK",
  pages =        "11--19",
  month =        "July",
  year =         "1993",
}

@COMMENT{kumpel1993c, ENTERED: 1995-08-01, NOTE: }
@InProceedings{kumpel1993c,
  author =       "W. Kumpel and U. Effing and M. Rittweger and
                  I. Wolff",
  title =        "Parallel {FDTD} Simulator for Microwave Structures",
  booktitle =    "23rd European Microwave Conf.",
  address =      "Madrid, Spain",
  pages =        "676--677",
  month =        "September",
  year =         "1993",
}

@COMMENT{rodohan1993c, ENTERED: 1995-08-01, NOTE: }
@InProceedings{rodohan1993c,
  author =       "D. P. Rodohan and S. R. Saunders",
  title =        "Rapid Solution of the Finite Difference Time Domain
                  Method Using Parallel Associative Techniques",
  booktitle =    "Eighth Int. Conf. on Antennas and Propagation",
  address =      "Edinburgh, UK",
  volume =       "1",
  pages =        "596--599",
  month =        "March--April",
  year =         "1993",
}

@COMMENT{bataineh1992m, ENTERED: 1995-08-01, NOTE: }
@PhdThesis{bataineh1992m,
  author =       "A. Bataineh",
  title =        "Parallel Logic and Interconnection Simulation
                  Algorithms for High-Speed Digital Circuits",
  address =      "Columbus, OH",
  school =       "The Ohio State University",
  year =         "1992",
}

@COMMENT{cwik1992a, ENTERED: 1997-10-01, NOTE: }
@Article{cwik1992a,
  author =       "T. Cwik",
  title =        "Parallel Decomposition Methods for the Solution of
                  Electromagnetic Scattering Problems",
  journal =      "Electromagnetics",
  volume =       "12",
  number =       "3--4",
  pages =        "343--357",
  year =         "1992",
}

@COMMENT{pala1992c, ENTERED: 1997-10-01, NOTE: }
@InProceedings{pala1992c,
  author =       "W. P. Pala",
  title =        "Wideband Parallel Finite Difference-Time Domain
                  Calculations for a Cylinder",
  booktitle =    "Proc. SPIE - Int. Soc. Opt. Eng.",
  address =      "Los Angeles, CA",
  volume =       "1631",
  pages =        "43--46",
  month =        "January",
  year =         "1992",
}

@COMMENT{maeda1991a, ENTERED: 1995-08-01, NOTE: }
@Article{maeda1991a,
  author =       "S. Maeda and T. Kashiwa and I. Fukai",
  title =        "Analysis of Crosstalk Between Parallel Microstrips
                  Using Finite-Difference Time-Domain Method",
  journal =      "Electron. and Comm. in Japan, Part 2 Electron.",
  volume =       "74",
  number =       "11",
  pages =        "23--31",
  year =         "1991",
}

@COMMENT{pala1991c, ENTERED: 1997-10-01, NOTE: }
@InProceedings{pala1991c,
  author =       "W. P. Pala and A. Taflove and M. J. Piket-May and
                  R. M. Joseph",
  title =        "Parallel Finite Difference-Time Domain Calculations",
  booktitle =    "Int. Conf. on Computation in Electromagnetics",
  address =      "London, UK",
  pages =        "83--85",
  month =        "November",
  year =         "1991",
}

@COMMENT{patterson1990a, ENTERED: 1995-08-01, NOTE: }
@Article{patterson1990a,
  author =       "J. E. Patterson and T. Cwik and R. D. Ferraro and
                  N. Jacobi and P. C. Liewer and T. G. Lockhart and
                  G. A. Lyzenga and J. W. Parker and D. A. Simoni",
  title =        "Parallel Computation Applied to Electromagnetic
                  Scattering and Radiation Analysis",
  journal =      "Electromagnetics",
  volume =       "10",
  number =       "1--2",
  pages =        "21--39",
  year =         "1990",
}

@COMMENT{calalo1989a, ENTERED: 1997-10-01, NOTE: }
@Article{calalo1989a,
  author =       "R. H. Calalo and T. A. Cwik and W. A. Imbriale and
                  N. Jacobi and P. C. Liewer and T. G. Lockhart and
                  G. A. Lyzenga and J. E. Patterson",
  title =        "Hypercube Parallel Architecture Applied to
                  Electromagnetic Scattering Analysis",
  journal =      "IEEE Transactions on Magnetics",
  volume =       "25",
  number =       "4",
  pages =        "2898--2900",
  year =         "1989",
}

@COMMENT{gamelin1988a, ENTERED: 1997-10-01, NOTE: }
@Article{gamelin1988a,
  author =       "J. Gamelin and R. Guerrieri and A. R. Neureuther",
  title =        "Exploration of Scattering from Topography with
                  Massively Parallel Computers",
  journal =      "Journal of Vacuum Science \& Technology B
                  (Microelectronics Processing and Phenomena)",
  volume =       "7",
  number =       "6",
  pages =        "1984--1990",
  year =         "1989",
}

@COMMENT{tatalias1989a, ENTERED: 1997-10-01, NOTE: }
@Article{tatalias1989a,
  author =	  "K. D. Tatalias and J. M. Bornholdt",
  title =	  "Mapping Electromagnetic Field Computations to Parallel
		  Processors",
  journal =	  "IEEE Transactions on Magnetics",
  volume =	  "25",
  number =	  "4",
  pages =	  "2901--2906",
  year =	  "1989",
}

