@PhdThesis{sievenpiper99,
  author = 	 {Daniel Sievenpiper},
  title = 	 {High-Impedance Electromagnetic Surfaces},
  school = 	 {University of California, Los Angeles},
  year = 	 {1999},
  OPTkey = 	 {},
  OPTtype = 	 {},
  OPTaddress = 	 {},
  OPTmonth = 	 {},
  OPTnote = 	 {},
  OPTannote = 	 {}
}

@Book{kraus88,
  author = 	 {John D. Kraus},
  ALTeditor = 	 {},
  title = 	 {Antennas},
  publisher = 	 {McGraw-Hill},
  year = 	 {1988},
  OPTkey = 	 {},
  OPTvolume = 	 {},
  OPTnumber = 	 {},
  OPTseries = 	 {},
  OPTaddress = 	 {},
  edition = 	 {Second},
  OPTmonth = 	 {},
  OPTnote = 	 {},
  OPTannote = 	 {}
}

@Book{hayt01,
  author = 	 {William H. Hayt, Jr. and John A. Buck},
  ALTeditor = 	 {},
  title = 	 {Engineering Electromagnetics},
  publisher = 	 {McGraw-Hill Higher Education},
  year = 	 {2001},
  OPTkey = 	 {},
  OPTvolume = 	 {},
  OPTnumber = 	 {},
  OPTseries = 	 {},
  OPTaddress = 	 {},
  edition = 	 {Sixth},
  OPTmonth = 	 {},
  OPTnote = 	 {},
  OPTannote = 	 {}
}

@Article{johnson72,
  author = 	 {P.B. Johnson and R.W. Christy},
  title = 	 {Optical Constants of the Noble Metals},
  journal = 	 {Physical Review B},
  year = 	 {1972},
  OPTkey = 	 {},
  volume = 	 {6},
  number = 	 {12},
  pages = 	 {4370-4379},
  month = 	 Dec,
  OPTnote = 	 {},
  OPTannote = 	 {}
}

@Book{brillouin53,
  author = 	 {Leon Brillouin},
  ALTeditor = 	 {},
  title = 	 {Wave propagation in periodic structures},
  publisher = 	 {McGraw-Hill Book Company, Inc.},
  year = 	 {1953},
  OPTkey = 	 {},
  OPTvolume = 	 {},
  OPTnumber = 	 {},
  OPTseries = 	 {},
  OPTaddress = 	 {},
  edition = 	 {Second},
  OPTmonth = 	 {},
  OPTnote = 	 {},
  OPTannote = 	 {}
}

@Article{elliott54,
  author = 	 {R. S. Elliott},
  title = 	 {On the theory of corrugated plane surfaces},
  journal = 	 {I.R.E. Transactions - Antennas and propagation},
  year = 	 {1954},
  OPTkey = 	 {},
  volume = 	 {2},
  number = 	 {2},
  pages = 	 {71-81},
  month = 	 Apr,
  OPTnote = 	 {},
  OPTannote = 	 {}
}

@Book{ishimaru91,
  author = 	 {Akira Ishimaru},
  ALTeditor = 	 {},
  title = 	 {Electromagnetic Wave Propagation, Radiation, and Scattering},
  publisher = 	 {Printice Hall},
  year = 	 {1991},
  OPTkey = 	 {},
  OPTvolume = 	 {},
  OPTnumber = 	 {},
  OPTseries = 	 {},
  OPTaddress = 	 {Englewood Cliffs},
  OPTedition = 	 {},
  OPTmonth = 	 {},
  OPTnote = 	 {},
  OPTannote = 	 {}
}

@Article{oliner59,
  author = 	 {A. A. Oliner and A. Hessel},
  title = 	 {Guided Wave on sinusoidally modulated reactance surfaces},
  journal = 	 {IRE transactions on antennas and propagation},
  year = 	 {1959},
  OPTkey = 	 {},
  OPTvolume = 	 {},
  OPTnumber = 	 {},
  OPTpages = 	 {},
  month = 	 dec,
  OPTnote = 	 {},
  OPTannote = 	 {}
}

@InProceedings{oliner03,
  author = 	 {A. A. Oliner and D. R. Jackson},
  title = 	 {Leaky surface-plasmon theory for dramatically enhanced transmission throught a subwavelength aperture, Part I: Basic Features},
  booktitle = 	 {Anetnnas and Propagation, 2003 IEEE Society International Conference on},
  OPTcrossref =  {},
  OPTkey = 	 {},
  pages = 	 {1095-1098},
  year = 	 {2003},
  OPTeditor = 	 {},
  volume = 	 {2},
  OPTnumber = 	 {},
  OPTseries = 	 {},
  OPTaddress = 	 {},
  month = 	 jul,
  OPTorganization = {},
  OPTpublisher = {},
  OPTnote = 	 {},
  OPTannote = 	 {}
}
